@inproceedings{damianou2013deep,
  title={Deep {G}aussian processes},
  author={Damianou, Andreas and Lawrence, Neil},
  booktitle={Artificial Intelligence and Statistics},
  pages={207--215},
  year={2013}
}

@article{dunlop2018deep,
  title={How deep are deep Gaussian processes?},
  author={Dunlop, Matthew M and Girolami, Mark A and Stuart, Andrew M and Teckentrup, Aretha L},
  journal={The Journal of Machine Learning Research},
  volume={19},
  number={1},
  pages={2100--2145},
  year={2018},
  publisher={JMLR. org}
}

@inproceedings{paciorek2004nonstationary,
  title={Nonstationary covariance functions for Gaussian process regression},
  author={Paciorek, Christopher J and Schervish, Mark J},
  booktitle={Advances in neural information processing systems},
  pages={273--280},
  year={2004}
}